@article{samuel59,
  author = {A. L. Samuel},
  title = {Some Studies in Machine Learning Using the Game of Checkers},
  year = {1959}
}
@article{schaeffer96,
  author = {Jonathan Schaeffer},
  title = {CHINOOK The World Man-Machine Checkers Champion},
  year = {1996}
}
